<record><leader>00000cas a22000007a 4500</leader><controlfield tag="001">11665316</controlfield><controlfield tag="008">850206d19731982mtuwr ne      0    0eng d</controlfield><datafield ind1=" " ind2=" " tag="010"><subfield code="a">sn 85053037 </subfield></datafield><datafield ind1=" " ind2=" " tag="040"><subfield code="a">MTL</subfield><subfield code="b">eng</subfield><subfield code="c">MTL</subfield><subfield code="d">OCLCQ</subfield></datafield><datafield ind1=" " ind2=" " tag="042"><subfield code="a">msc</subfield></datafield><datafield ind1="0" ind2="0" tag="245"><subfield code="a">Tribune-examiner.</subfield></datafield><datafield ind1=" " ind2=" " tag="260"><subfield code="a">Dillon, Mont. :</subfield><subfield code="b">W.L. Finefrock,</subfield><subfield code="c">1973-1982.</subfield></datafield><datafield ind1=" " ind2=" " tag="300"><subfield code="a">10 v. :</subfield><subfield code="b">ill. ;</subfield><subfield code="c">54-58 cm.</subfield></datafield><datafield ind1=" " ind2=" " tag="310"><subfield code="a">Weekly,</subfield><subfield code="b">Nov. 7, 1979-Sept. 21, 1982</subfield></datafield><datafield ind1=" " ind2=" " tag="321"><subfield code="a">Daily (except Sat &amp; Sun.),</subfield><subfield code="b">Dec. 3, 1973-Sept. 25, 1974</subfield></datafield><datafield ind1=" " ind2=" " tag="321"><subfield code="a">Semiweekly,</subfield><subfield code="b">Oct. 2, 1974-Oct. 31, 1979</subfield></datafield><datafield ind1="0" ind2=" " tag="362"><subfield code="a">Vol. 89, no. 229 (Dec. 3, 1973)-v. 98, no. 89 (Sept. 21, 1982).</subfield></datafield><datafield ind1=" " ind2=" " tag="525"><subfield code="a">Supplements accompany some issues.</subfield></datafield><datafield ind1=" " ind2=" " tag="752"><subfield code="a">United States</subfield><subfield code="b">Montana</subfield><subfield code="c">Beaverhead</subfield><subfield code="d">Dillon.</subfield></datafield><datafield ind1="0" ind2="0" tag="780"><subfield code="t">Daily tribune-examiner</subfield><subfield code="w">(DLC)sn 85053036</subfield></datafield><datafield ind1="0" ind2="0" tag="785"><subfield code="t">Dillon tribune examiner</subfield><subfield code="w">(DLC)sn 85053038</subfield></datafield></record>